@Book{NNandDL,
author = {Michael Nielsen},
title = {Neural network and deep learning},
year = {2019}
},

langid = {polish},
}

@Book{Dil00,
author = {Diller, A.},
title = {LaTeX wiersz po wierszu},
publisher = {Wydawnictwo Helion},
year = {2000},
address = {Gliwice},

langid = {polish},
}


@Manual{ARM06,
title = {Ada Reference Manual {ISO}/{IEC} 8652:200y({E}) {E}d. 3},
organization = {Ada Europe},
year = {2006}
}

@Article{AlphaGO,
author = {Google DeepMind},
title = {Mastering the game of Go with deep neural networks and tree search},
journal = {Nature},
year = {2016},
volume = {529},
pages = {484-488}
}

@Article{DQNAtari,
author = {Google DeepMind},
title = {Human-level control through deep reinforcement learning},
journal = {Nature},
year = {2015},
volume = {518},
pages = {529-533}
}

@Article{RNSurvey,
author = {Jens Kober and J.Andrew Bagnell and Jan Peters},
title = {Reinforcement Learning in Robotics: A Survey},
year = {2013}
}

@Article{DRNNewsRecommendaiton,
author = {Guanjie Zheng and Fuzheng Zhang and Zihan Zheng and Yang Xiang and Nicholas Jing Yuan and Xing Xie and Zhenhui Li},
title = {DRN: A Deep Reinforcement Learning Framework for News Recommendation},
year = {2018}
}


@InProceedings{DeepSparseReNN,
  title = 	 {Deep Sparse Rectifier Neural Networks},
  author = 	 {Glorot, Xavier and Bordes, Antoine and Bengio, Yoshua},
  booktitle = 	 {Proceedings of the Fourteenth International Conference on Artificial Intelligence and Statistics},
  pages = 	 {315--323},
  year = 	 {2011},
  editor = 	 {Gordon, Geoffrey and Dunson, David and Dudík, Miroslav},
  volume = 	 {15},
  series = 	 {Proceedings of Machine Learning Research},
  address = 	 {Fort Lauderdale, FL, USA},
  month = 	 {11--13 Apr},
  publisher =    {PMLR}
}

@incollection{EfficientBackProp,
  author = {LeCun, Yann and Bottou, Léon and Orr, Genevieve B. and Müller, Klaus-Robert},
  booktitle = {Neural Networks: Tricks of the Trade (2nd ed.)},
  pages = {9-48},
  publisher = {Springer},
  series = {Lecture Notes in Computer Science},
  title = {Efficient BackProp.},
  volume = 7700,
  year = 2012
}